@Book{crouzeixmignot,
  author = 	 {Crouzeix, Michel and Mignot, Alain L.},
  title = 	 {Analyse numérique des équations différentielles},
  publisher = 	 {Masson},
  year = 	 {1984},
  isbn =         {2-225-77341-6}
}

@Article{rush_larsen.1978,
  Title                    = {A Practical Algorithm for Solving Dynamic Membrane Equations},
  Author                   = {Rush, S. and Larsen, H.},
  Journal                  = {IEEE Trans. Biomed. Eng.},
  Year                     = {1978},
  Pages                    = {389-392}
}
